@book{russel_norvig_2003,
 author = {Russell, S. and Norvig, P.},
 title = {Artificial Intelligence: A Modern Approach},
 year = {2003},
 publisher = {Pearson Education},
}

@book{mackay_02,
 author = {MacKay, D.},
 title = {Information Theory, Inference \& Learning Algorithms},
 year = {2002},
 publisher = {Cambridge}
 }




@inproceedings{casella_2008,
    author  = "G. Casella",
    title   = "Bayesians and Frequentists",
    publisher = "ACCP 37th Annual Meeting, Philadelphia, PA ",
    year    = 2008
}

@PhdThesis{felipe_tobar_PhD_thesis,
           title = {Kernel-Based Adaptive Estimation: Multidimensional and State-Space Approaches},
          author = {Felipe Tobar},
          school = {Imperial College London},
           year = {2014},
}

@book{murphy_2012,
 author = {K. Murphy},
 title = {Machine Learning: A Probabilistic Perspective},
 year = {2012},
 publisher = {MIT},
}

@article{bp,
 author = {Rumelhart and Hinton and Williams},
 title = {Learning representations by back-propagating errors},
 year = {1986},
 journal = {Nature},
}
