@article{tibshirani_1996,
author = {Tibshirani, Robert},
title = {Regression Shrinkage and Selection Via the {L}asso},
journal = {Journal of the Royal Statistical Society: Series B (Methodological)},
volume = {58},
number = {1},
pages = {267-288},
year = {1996}
}

@inproceedings{ng_2004,
 author = {Ng, Andrew Y.},
 title = {Feature Selection, L1 vs. L2 Regularization, and Rotational Invariance},
 booktitle = {Proceedings of the Twenty-first International Conference on Machine Learning},
 year = {2004},
 pages = {78--},
 publisher = {ACM}
} 

@book{tikhonov_arsenin_1977,
 author = {Tikhonov, A. N. and  V. Y. Arsenin},
 title = {Solution of Ill-posed Problems},
 year = {1977},
 publisher = {Washington: Winston \& Sons},
} 

@article{hoerl_kennard_1970,
author = {Hoerl, A. E. and  R. W. Kennard},
title = {Ridge regression: Biased estimation for nonorthogonal problems},
journal = {Technometrics},
volume = {12},
number = {1},
pages = {55-67},
year = {1970}
}






@book{benisrael_greville_2006,
  title={Generalized Inverses: Theory and Applications},
  author={Ben-Israel, A. and Greville, T.N.E.},
  series={CMS Books in Mathematics},
  year={2006},
  publisher={Springer New York}
}


@book{russell_norvig_2009,
 author = {Russell, Stuart J. and Norvig, Peter},
 title = {Artificial Intelligence: A Modern Approach},
 year = {2009},
 edition = {3},
 publisher = {Pearson Education},
} 

@book{harari,
	Author = {Harari, Yuval N.},
	Publisher = {Harper},
	Title = {Sapiens: A Brief History of Humankind},
	Year = {2015}
}
s
@book{bostrom_2014,
	author = {N. Bostrom},
	publisher = {Oxford University Press},
	year = {2014},
	title = {Superintelligence: Paths, Dangers, Strategies}
}

@article{turing_1950,
	author = {A. Turing},
	title = {Computing intelligence and machinery},
	journal = {Mind},
	volume = {59},
	number = {236},
	pages = {433-460},
	year  = {1950}
}


%%%%%%%%%%%%%%%%%%%%%%%%%%%%%%%%%

@article{inclezan_jair,
	Author = {Daniela Inclezan and Luis I. Pradanos },
	Journal = {Journal of Artificial Intelligence Research},
	Pages = {681-686},
	Title = {Viewpoint: {A} Critical View on Smart Cities and {AI}},
	Volume = {60},
	Year = {2017}
}

@article{halaweh_jair,
	Author = {Mohanad Halaweh},
	Journal = {Journal of Artificial Intelligence Research},
	Pages = {269-272},
	Title = {Viewpoint: Artificial Intelligence Government ({G}ov. 3.0): The {UAE} Leading Model},
	Volume = {62},
	Year = {2018}
}

@article{grace_jair,
	Author = {Katja Grace and John Salvatier and Allan Dafoe and Baobao Zhang and Owain Evans},
	Journal = {Journal of Artificial Intelligence Research},
	Pages = {729-754},
	Title = {Viewpoint: When Will {AI} Exceed Human Performance? {E}vidence from {AI} Experts},
	Volume = {62},
	Year = {2018}
}

@Article{walsh2018,
	author="Walsh, Toby",
	title="Expert and Non-expert Opinion About Technological Unemployment",
	journal="International Journal of Automation and Computing",
	year="2018",
	volume="15",
	number="5",
	pages="637--642"
}

@Inbook{muller2016,
	author="M{\"u}ller, Vincent C. and Bostrom, Nick",
	editor="M{\"u}ller, Vincent C.",
	title="Future Progress in Artificial Intelligence: A Survey of Expert Opinion",
	bookTitle="Fundamental Issues of Artificial Intelligence",
	year="2016",
	publisher="Springer International Publishing",
	pages="555--572"
}








@book{ekbia_2008,
author = {Ekbia, Hamid},
year = {2008},
month = {01},
pages = {},
title = {Artificial dreams: The quest for non-biological intelligence},
isbn = {9780521878678},
doi = {10.1017/CBO9780511802126},
publisher = {Cambridge University Press},
}


@article{alphago_zero,
	Author = {Silver, David and others},
	Journal = {Nature},
	Pages = {354-359},
	Title = {Mastering the game of Go without human knowledge},
	Volume = {550},
	Year = {2017},
}


@article{alphago,
	Author = {Silver, David and others},
	Journal = {Nature},
	Pages = {484-489},
	Title = {Mastering the game of {G}o with deep neural networks and tree search},
	Volume = {529},
	Year = {2016}
}



@article{samuel_1959,
 author = {Samuel, A. L.},
 title = {Some Studies in Machine Learning Using the Game of Checkers},
 journal = {IBM Journal of Research and Development},
 volume = {3},
 number = {3},
 year = {1959},
 publisher = {IBM Corp.},
 address = {Riverton, NJ, USA}
} 

@techreport{wiener_1949,
 author = {Wiener, N.},
 title = {The Machine Age},
 year = {1949},
 institution = {Massachusetts Institute of Technology}
} 


@article{shannon_1950,
author = {C.E.   Shannon },
title = {Programming a computer for playing chess},
journal = {The London, Edinburgh, and Dublin Philosophical Magazine and Journal of Science},
volume = {41},
number = {314},
pages = {256-275},
year  = {1950},
publisher = {Taylor & Francis}
}





@book{box_jenkins_1976,
 author = {Box, G.E.P and Jenkins, G.M. and Reinsel, G.C.},
 title = {Time Series Analysis, Forecasting and Control},
 year = {1976},
 edition = {3},
 publisher = {Holden-Day},
} 

@book{manning_schutze_1999,
 author = {C. Manning and H. Schütze},
 title = {Foundations of Statistical Natural Language Processing},
 year = {1999},
 publisher = {MIT Press}
} 

@inproceedings{lloyd_2014,
   title = {Automatic Construction and Natural-Language Description of Nonparametric Regression Models},
   author = {James Robert Lloyd and David Duvenaud and Roger Grosse and Joshua B. Tenenbaum and Zoubin Ghahramani},
   year = {2014},
   booktitle = {Proceedings of the Twenty-Eighth AAAI Conference on Artificial Intelligence}
}

@book{ford_2016,
 author = {Ford, Martin},
 title = {Rise of the Robots: Technology and the Threat of a Jobless Future},
 year = {2016},
 publisher = {Basic Books, Inc.}
 } 

@book{searle_1996,
	author = {John Searle},
	publisher = {Penguin},
	year = {1996},
	title = {The Construction of Social Reality}
}

@book{weizenbaum_1976,
	author = {J. Weizenbaum},
	publisher = {Penguin},
	year = {1976},
	title = {Computer Power and Human Reason: From Judgement to Calculation}
}


@incollection{descartes_1985,
  author      = {R. Descartes},
  title       = {Discourse on the Method},
  editor      = {J. Cottingham and R. Stoothoff and D. Murdoch},
  booktitle   = {The Philosophical Writings of Descartes, Vol. I.},
  publisher   = {Cambridge University Press},
  year        = 1985
}


@book{swade_2000,
	author = {D. Swade},
	publisher = {Penguin},
	year = {2000},
	title = {The Difference Engine: Charles Babbage and the Quest to build the first Computer}
}


@article{searle_1980, 
	title={Minds, brains, and programs}, 
	volume={3}, 
	number={3}, 
	journal={Behavioral and Brain Sciences}, 
	publisher={Cambridge University Press}, 
	author={Searle, John R.}, 
	year={1980}, 
	pages={417–424}
}

TURING, A. “Can Digital Computers Think?”, tipeo de una entrevista radial en el tercer programa de BBC, del 15 de mayo de 1951. Número de referencia de los Archivos Turing: B.5. Reimpreso en Shieber, S. The Turing Test: Verbal Behavior as the Hallmark of Intelligence. Cambridge, Mass.: MIT Press, 1951a. p. 111-116.
@incollection{turing_1951a,
  author      = {A. Turing},
  title       = {Can Digital Computers Think?},
  editor      = {Shieber, S.},
  booktitle   = {The Turing Test: Verbal Behavior as the Hallmark of Intelligence},
  publisher   = {MIT Press},
  address     = "Cambridge, Mass",
  year        = 1951, 
  pages 	  = "111-116", 
  note 		  = "Transcription from a BBC Radio Interview"
}



GONZÁLEZ, R. Descartes, las Intuiciones Modales y la IA. Revista Alpha 32, 181-198, 2011.
@article{gonzalez_2011, 
	title={R. {D}escartes, las Intuiciones Modales y la {IA}}, 
	volume={32}, 
	journal={Revista Alpha}, 
	author={R. González}, 
	year={2011}, 
	pages={181-198}
}
GONZÁLEZ, R. “¿Importa la determinación del sexo en el Test de Turing?” Revista de Filosofía Aurora, Vol. 27, número 40 (enero-abril), 277-295, 2015
@article{gonzalez_2015, 
	title={{¿Importa la determinación del sexo en el Test de Turing?}}, 
	volume={27}, 
	number = {40},	
	journal={Revista de Filosofía Aurora}, 
	author={R. González}, 
	year={2015}, 
	pages={277-295}
}


RUCKER, R. Software. New York, HarperCollins, 1982
@book{rucker_1982,
	author = {R. Rucker},
	publisher = {HarperCollins},
	year = {1982},
	title = {Software}
}

ROTHBLATT, M. Virtually Human: The Promise and Peril of Digital Immortality. New York, St. Martin’s Press, 2014
@book{rothblatt_2014,
	author = {M. Rothblatt},
	publisher = {St. Martin’s Press},
	year = {2014},
	title = {Virtually Human: The Promise and Peril of Digital Immortality.}
}

HAUGELAND, J. Artificial Intelligence: The Very Idea, Cambridge, Mass., 1985.
@book{haugeland_1985,
	author = {J. Haugeland},
	publisher = {MIT Press},
	year = {1985},
	title = {Artificial Intelligence: The Very Idea}
}

SCHANK, R.C.; ABELSON, R.P. Scripts, Plans, Goals, and Understanding. Hillsdale, N.J.: Erlbaum, 1977.
Schank, R. C., & Abelson, R. P. (1977). Scripts, plans, goals and understanding: An inquiry into human knowledge structures. Oxford, England: Lawrence Erlbaum.
@book{schank_1977,
	author = {Schank, R. C. and Abelson, R. P. },
	publisher = {Lawrence Erlbaum},
	year = {1977},
	title = {Scripts, plans, goals and understanding: An inquiry into human knowledge structures}
}

SEARLE, J. Mind: A Brief Introduction. Oxford, Oxford University Press, 2004.
@book{searle_2004,
	author = {John Searle},
	publisher = {Oxford University Press},
	year = {2004},
	title = {Mind: A Brief Introduction}
}

@InCollection{hyslop_2016,
	author       =	{Hyslop, Alec},
	title        =	{Other Minds},
	booktitle    =	{The Stanford Encyclopedia of Philosophy},
	editor       =	{Edward N. Zalta},
	howpublished =	{\url{https://plato.stanford.edu/archives/spr2016/entries/other-minds/}},
	year         =	{2016},
	edition      =	{Spring 2016},
	publisher    =	{Metaphysics Research Lab, Stanford University}
}

@book{heil_2004,
  title={Philosophy of Mind: A Guide and Anthology},
  author={Heil, J.},
  year={2004},
  publisher={Oxford University Press}
}


